<?xml version="1.0" encoding="UTF-8"?>
<collection xmlns:xsi="http://www.w3.org/2001/XMLSchema-instance" xsi:schemaLocation="http://www.loc.gov/MARC21/slim http://www.loc.gov/standards/marcxml/schema/MARC21slim.xsd" xmlns="http://www.loc.gov/MARC21/slim">
<record>
  <leader>00985cam a2200265 a 4500</leader>
  <controlfield tag="001">675721</controlfield>
  <controlfield tag="003">NNC</controlfield>
  <controlfield tag="005">20100309223256.0</controlfield>
  <controlfield tag="008">880822s1925    ua            000 0 ara d</controlfield>
  <datafield tag="035" ind1=" " ind2=" ">
    <subfield code="a">(OCoLC)78854036</subfield>
  </datafield>
  <datafield tag="035" ind1=" " ind2=" ">
    <subfield code="a">(OCoLC)ocm78854036</subfield>
  </datafield>
  <datafield tag="035" ind1=" " ind2=" ">
    <subfield code="a">(CStRLIN)NYCG88-B61926</subfield>
  </datafield>
  <datafield tag="035" ind1=" " ind2=" ">
    <subfield code="9">ACY4490CU</subfield>
  </datafield>
  <datafield tag="035" ind1=" " ind2=" ">
    <subfield code="a">(NNC)675721</subfield>
  </datafield>
  <datafield tag="040" ind1=" " ind2=" ">
    <subfield code="a">NNC</subfield>
    <subfield code="c">NNC</subfield>
  </datafield>
  <datafield tag="090" ind1=" " ind2=" ">
    <subfield code="a">BV4501</subfield>
    <subfield code="b">.S56 1925g</subfield>
  </datafield>
  <datafield tag="100" ind1="1" ind2=" ">
    <subfield code="a">Singh, Sundar,</subfield>
    <subfield code="d">1889-1929.</subfield>
  </datafield>
  <datafield tag="245" ind1="1" ind2="0">
    <subfield code="a">Aqwāl wa-amthāl al-faqīr al-Hindī al-Ṣādʹhū Sundar Singh :</subfield>
    <subfield code="b">maʻa al-mawʻiẓatayn allalay [sic] waʻaẓahum bi-Miṣr sanata 1922.</subfield>
  </datafield>
  <datafield tag="250" ind1=" " ind2=" ">
    <subfield code="a">Ṭabʻah 4.</subfield>
  </datafield>
  <datafield tag="260" ind1=" " ind2=" ">
    <subfield code="a">[Cairo? :</subfield>
    <subfield code="b">s.n.],</subfield>
    <subfield code="c">1925.</subfield>
  </datafield>
  <datafield tag="300" ind1=" " ind2=" ">
    <subfield code="a">103 p. ;</subfield>
    <subfield code="c">17 cm.</subfield>
  </datafield>
  <datafield tag="500" ind1=" " ind2=" ">
    <subfield code="a">In the Arabic dialect of Egypt.</subfield>
  </datafield>
  <datafield tag="500" ind1=" " ind2=" ">
    <subfield code="a">"al-Kitāb ... mutarjam ... ʻan kitāb "al-Ṣādʹhū" taʾlīf al-Duktūr Strītir wa-al-Duktūr Abāsāmin fī sanat 1921"--P. [2].</subfield>
  </datafield>
  <datafield tag="650" ind1=" " ind2="0">
    <subfield code="a">Spiritual life.</subfield>
  </datafield>
  <datafield tag="700" ind1="1" ind2=" ">
    <subfield code="a">Streeter, Burnett Hillman,</subfield>
    <subfield code="d">1874-1937.</subfield>
    <subfield code="t">Sadhu.</subfield>
  </datafield>
  <datafield tag="955" ind1=" " ind2=" ">
    <subfield code="b">CU60527455</subfield>
    <subfield code="d">off,glx</subfield>
    <subfield code="e">BV4501 .S56 1925g</subfield>
  </datafield>
</record>
</collection>